@online{STM32F446:1,
    author = "STMicroelectronics",
    title = "STM32F446xC/E Datasheet - production data",
    addendum = "(Accessed on 06/24/2022)",
    url = "https://www.st.com/resource/en/datasheet/stm32f446ze.pdf",
    keywords = "STM32F446ZE"
}
